@preamble{ " \newcommand{\noop}[1]{} " }
@article {eliasmith2012,
  title = {A large-scale model of the functioning brain},
  journal = {Science},
  volume = {338},
  year = {2012},
  pages = {1202-1205},
  doi = {10.1126/science.1225266},
  url = {http://nengo.ca/publications/spaunsciencepaper},
  author = {Chris Eliasmith and Terrence C. Stewart and Xuan Choo and Trevor Bekolay and Travis DeWolf and Yichuan Tang and Daniel Rasmussen}
}
@article{hunter2007,
  author    = {Hunter, J. D.},
  title     = {{M}atplotlib: {A} 2D graphics environment},
  journal   = {Computing In Science \& Engineering},
  volume    = {9},
  number    = {3},
  pages     = {90--95},
  publisher = {IEEE Computer Soc.},
  year      = 2007
}
@book {eliasmith2003a,
  title = {Neural engineering: Computation, representation, and dynamics in neurobiological systems},
  year = {2003},
  publisher = {MIT Press},
  organization = {MIT Press},
  type = {book},
  address = {Cambridge, MA},
  author = {Chris Eliasmith and Charles H. Anderson}
}
@book {eliasmith2013,
  title = {How to build a brain: A neural architecture for biological cognition},
  year = {2013},
  publisher = {Oxford University Press},
  organization = {Oxford University Press},
  address = {New York, NY},
  author = {Chris Eliasmith}
}
@article{hilbert1891,
  title={Ueber die stetige Abbildung einer Line auf ein Fl{\"a}chenst{\"u}ck},
  author={Hilbert, David},
  journal={Mathematische Annalen},
  volume={38},
  number={3},
  pages={459--460},
  year={1891},
  publisher={Springer}
}
@article {stewart2012a,
  title = {Learning to select actions with spiking neurons in the basal ganglia},
  journal = {Frontiers in Decision Neuroscience},
  volume = {6},
  year = {2012},
  doi = {10.3389/fnins.2012.00002},
  url = {http://dx.doi.org/10.3389/fnins.2012.00002},
  author = {Terrence C. Stewart and Trevor Bekolay and Chris Eliasmith}
}
@inproceedings{stewart2010,
  title={Dynamic Behaviour of a Spiking Model of Action Selection in the Basal Ganglia},
  booktitle={International Conference on Cognitive Modeling},
  year={2010},
  author={Terrence C. Stewart and Xuan Choo and Chris Eliasmith}
}
@article{vanderwalt2011,
  title={The {NumPy} array: a structure for efficient numerical computation},
  author={Van Der Walt, Stefan and Colbert, S Chris and Varoquaux, Gael},
  journal={Computing in Science \& Engineering},
  volume={13},
  number={2},
  pages={22--30},
  year={2011},
  publisher={AIP Publishing}
}
@article{stone2010,
  title={{OpenCL}: {A} parallel programming standard for heterogeneous computing systems},
  author={Stone, John E and Gohara, David and Shi, Guochun},
  journal={Computing in Science \& Engineering},
  volume={12},
  number={1-3},
  pages={66--73},
  year={2010},
  publisher={Institute of Electrical and Electronics Engineers, Inc.,}
}
@article{benjamin2014,
  title={Neurogrid: {A} mixed-analog-digital multichip system for large-scale neural simulations},
  author={Benjamin, Ben Varkey and Gao, Peiran and McQuinn, Emmett and Choudhary, Shobhit and Chandrasekaran, Anand R and Bussat, Jean-Marie and Alvarez-Icaza, Rodrigo and Arthur, John V and Merolla, Paul and Boahen, Kwabena and others},
  journal={Proceedings of the IEEE},
  volume={102},
  number={5},
  pages={699--716},
  year={2014},
  publisher={IEEE}
}
@inproceedings{mundy2015,
  title={An efficient {SpiNNaker} implementation of the {Neural Engineering Framework}},
  author={Andrew Mundy and James Knight and Terrence C. Stewart and Steve Furber},
  booktitle={International Joint Conference on Neural Networks},
  year={2015},
}
@article{furber2014,
  title={The {SpiNNaker} project},
  author={Furber, Steve B and Galluppi, Francesco and Temple, Sally and Plana, Luis and others},
  journal={Proceedings of the IEEE},
  volume={102},
  number={5},
  pages={652--665},
  year={2014},
  publisher={IEEE}
}
@article{davison2008,
  title={{PyNN}: a common interface for neuronal network simulators},
  author={Davison, Andrew P and Br{\"u}derle, Daniel and Eppler, Jochen and Kremkow, Jens and Muller, Eilif and Pecevski, Dejan and Perrinet, Laurent and Yger, Pierre},
  journal={Frontiers in Neuroinformatics},
  volume={2},
  year={2008},
  publisher={Frontiers Research Foundation}
}
@article{bednar2009,
  title={Topographica: building and analyzing map-level simulations from {Python, C/C++, MATLAB, NEST, or NEURON components}},
  author={Bednar, James A},
  journal={Frontiers in Neuroinformatics},
  volume={3},
  year={2009},
  publisher={Frontiers Research Foundation}
}
@inproceedings{stromatias2013,
  title={Power analysis of large-scale, real-time neural networks on {SpiNNaker}},
  author={Stromatias, Evangelos and Galluppi, Francesco and Patterson, Cameron and Furber, Steve},
  booktitle={The 2013 International Joint Conference on Neural Networks (IJCNN)},
  pages={1--8},
  year={2013},
  organization={IEEE}
}
@article{duysens1998,
  title={Neural control of locomotion; {Part 1}: The central pattern generator from cats to humans},
  author={Duysens, Jacques and Van de Crommert, Henry W. A. A.},
  journal={Gait \& Posture},
  volume={7},
  number={2},
  pages={131--141},
  year={1998},
  publisher={Elsevier}
}
@inproceedings{sharp2013,
  title={Correctness and performance of the {SpiNNaker} architecture},
  author={Sharp, Toby and Furber, Steve},
  booktitle={The 2013 International Joint Conference on Neural Networks (IJCNN)},
  pages={1--8},
  year={2013},
  organization={IEEE}
}
@article{goodman2008brian,
  title={Brian: a simulator for spiking neural networks in {Python}},
  author={Goodman, Dan and Brette, Romain},
  journal={Frontiers in Neuroinformatics},
  volume={2},
  year={2008},
  publisher={Frontiers Research Foundation}
}
@inproceedings{ehrlich2010,
  title={A Software Framework for Mapping Neural Networks to a Wafer-scale Neuromorphic Hardware System},
  author={Ehrlich, Matthias and Wendt, Karsten and Z{\"u}hl, Lukas and Sch{\"u}ffny, Ren{\'e} and Br{\"u}derle, Daniel and M{\"u}ller, Eric and Vogginger, Bernhard},
  booktitle={Artificial Neural Networks and Intelligent Information Processing},
  pages={43--52},
  year={2010}
}
@article{bruderle2011,
  title={A comprehensive workflow for general-purpose neural modeling with highly configurable neuromorphic hardware systems},
  author={Br{\"u}derle, Daniel and Petrovici, Mihai A and Vogginger, Bernhard and Ehrlich, Matthias and Pfeil, Thomas and Millner, Sebastian and Gr{\"u}bl, Andreas and Wendt, Karsten and M{\"u}ller, Eric and Schwartz, Marc-Olivier and others},
  journal={Biological Cybernetics},
  volume={104},
  number={4-5},
  pages={263--296},
  year={2011},
  publisher={Springer}
}
@article{bekolay2013,
  title={Nengo: a {Python} tool for building large-scale functional brain models},
  author={Bekolay, Trevor and Bergstra, James and Hunsberger, Eric and DeWolf, Travis and Stewart, Terrence C and Rasmussen, Daniel and Choo, Xuan and Voelker, Aaron Russell and Eliasmith, Chris},
  journal={Frontiers in Neuroinformatics},
  volume={7},
  year={2013},
  publisher={Frontiers Media SA}
}
@inproceedings{galluppi2012,
  title={Real time on-chip implementation of dynamical systems with spiking neurons},
  author={Galluppi, Francesco and Davies, Sergio and Furber, Steve and Stewart, Terry and Eliasmith, Chris},
  booktitle={The 2012 International Joint Conference on Neural Networks (IJCNN)},
  pages={1--8},
  year={2012},
  organization={IEEE}
}
